% Encoding: UTF-8@Book{gost_19.701,  title     = {ГОСТ 19.701-90. Единая система программной документации. Схемы алгоритмов, программ, данных и систем. Условные обозначения и правила выполнения.},  publisher = {Издательство стандартов},  year      = {1991},  address   = {М.},  note      = {Введ. 01.01.1992},}